<?xml version="1.0" encoding="UTF-8"?><record xmlns="http://www.loc.gov/MARC21/slim" xmlns:cinclude="http://apache.org/cocoon/include/1.0" xmlns:zs="http://www.loc.gov/zing/srw/">
  <leader>00655cz  a2200133n  4500</leader>
  <controlfield tag="001">n 2005090279</controlfield>
  <controlfield tag="003">DLC</controlfield>
  <controlfield tag="005">20051213111537.0</controlfield>
  <controlfield tag="008">051213n| acannaabn          |n aaa      </controlfield>
  <datafield tag="010" ind1=" " ind2=" ">
    <subfield code="a">n 2005090279</subfield>
    <subfield code="z">n 2004099013</subfield>
  </datafield>
  <datafield tag="040" ind1=" " ind2=" ">
    <subfield code="a">DLC</subfield>
    <subfield code="b">eng</subfield>
    <subfield code="c">DLC</subfield>
  </datafield>
  <datafield tag="100" ind1="1" ind2=" ">
    <subfield code="a">Milton, Robert,</subfield>
    <subfield code="d">1960-</subfield>
  </datafield>
  <datafield tag="670" ind1=" " ind2=" ">
    <subfield code="a">Straight from the top, 2006:</subfield>
    <subfield code="b">CIP t.p. (Robert Milton) data sheet (Milton, Robert Aaron, b. July 30, 1960)</subfield>
  </datafield>
  <datafield tag="670" ind1=" " ind2=" ">
    <subfield code="a">McArthur, Keith. Air monopoly, c2004:</subfield>
    <subfield code="b">t.p. (Robert Milton's) t.p. verso (Canadian CIP hdg.: Milton, Robert A.) p. 32 (Robert Aaron Milton; born in U.S., family moved around the world as his father's State Dept. &amp; multinational corporation jobs required)</subfield>
  </datafield>
</record>